<collection xmlns="http://www.loc.gov/MARC21/slim">
<record>
  <leader>01229nam0a22001931i 450 </leader>
  <controlfield tag="001">IT\ICCU\CNCE\069131</controlfield>
  <controlfield tag="005">20191107000000.0</controlfield>
  <datafield tag="012" ind1=" " ind2=" ">
    <subfield code="a">i.o- *9*6 *522 1312 (C) 1552 (R)</subfield>
    <subfield code="2">fei</subfield>
  </datafield>
  <datafield tag="100" ind1=" " ind2=" ">
    <subfield code="a">20061218d1552        0itac0103    ba</subfield>
  </datafield>
  <datafield tag="101" ind1=" " ind2=" ">
    <subfield code="a">ITA</subfield>
  </datafield>
  <datafield tag="102" ind1=" " ind2=" ">
    <subfield code="a">IT</subfield>
  </datafield>
  <datafield tag="200" ind1="1" ind2=" ">
    <subfield code="a">Tariffa de tutte le marcancie da ogni precio che coreno pel mondo che va a grosi a oro cioe grosi da soldi cinque e picoli do per groso reduti in ducati corenti da lire sie e soldi quatro per ducato crescendo o calando ogni marcantia del precio. Questa seruira in perpetuo, la serue del pagar tutti li dazii di Venetia che va a grosi a oro a tanti grosi el brazo e la lira o altro. Sti ducati e grosi, chi vorra redutti in lire e soldi de pizoli vagha al fin de sta tarifa ...</subfield>
  </datafield>
  <datafield tag="210" ind1=" " ind2=" ">
    <subfield code="e">In Vinetia</subfield>
    <subfield code="g">per Stephano de Nicolini da Sabbio stampadore apostolico &amp; priuiligiato &amp; Cornelio suo nepote</subfield>
    <subfield code="g">ad istantia del autor Iacomo Manenti</subfield>
    <subfield code="h">1552</subfield>
  </datafield>
  <datafield tag="215" ind1=" " ind2=" ">
    <subfield code="a">\200! p.</subfield>
    <subfield code="c">ill.</subfield>
    <subfield code="d">8ʻ</subfield>
  </datafield>
  <datafield tag="620" ind1=" " ind2=" ">
    <subfield code="a">IT</subfield>
    <subfield code="d">Venezia</subfield>
  </datafield>
  <datafield tag="700" ind1=" " ind2="1">
    <subfield code="a">Manenti,</subfield>
    <subfield code="b">Giacomo</subfield>
    <subfield code="3">IT\ICCU\CNCA\027556</subfield>
  </datafield>
  <datafield tag="712" ind1="0" ind2="0">
    <subfield code="a">Nicolini da Sabbio, Stefano &amp; Nicolini da Sabbio, Cornelio</subfield>
    <subfield code="3">IT\ICCU\CNCT\006136</subfield>
    <subfield code="4">650</subfield>
  </datafield>
  <datafield tag="801" ind1=" " ind2="3">
    <subfield code="a">IT</subfield>
    <subfield code="b">ICCU</subfield>
    <subfield code="c">20201115</subfield>
  </datafield>
  <datafield tag="899" ind1=" " ind2=" ">
    <subfield code="a">Biblioteca Apostolica Vaticana. Citt ̉del Vaticano</subfield>
    <subfield code="1">EX0001</subfield>
    <subfield code="2">ZCV 01</subfield>
  </datafield>
</record>
</collection>
